<record><leader>00000cas a2200000 a 4500</leader><controlfield tag="001">11141210</controlfield><controlfield tag="008">840911c19uu9999mduer ne      0   e0chi d</controlfield><datafield ind1=" " ind2=" " tag="010"><subfield code="a">sn 95062418 </subfield></datafield><datafield ind1=" " ind2=" " tag="040"><subfield code="a">VA@</subfield><subfield code="b">eng</subfield><subfield code="c">VA@</subfield><subfield code="d">CNK</subfield><subfield code="d">OCL</subfield><subfield code="d">OCLCQ</subfield><subfield code="d">OCLCF</subfield><subfield code="d">OCLCO</subfield><subfield code="d">OCL</subfield></datafield><datafield ind1=" " ind2=" " tag="042"><subfield code="a">msc</subfield></datafield><datafield ind1=" " ind2=" " tag="043"><subfield code="a">n-us-md</subfield></datafield><datafield ind1="0" ind2="0" tag="245"><subfield code="a">Huafu xin wen bao =</subfield><subfield code="b">Metro Chinese journal.</subfield></datafield><datafield ind1="3" ind2="1" tag="246"><subfield code="a">Metro Chinese journal</subfield></datafield><datafield ind1="3" ind2=" " tag="246"><subfield code="a">Hua fu xin wen bao</subfield></datafield><datafield ind1=" " ind2=" " tag="260"><subfield code="a">Silver Spring, Md. :</subfield><subfield code="b">Oriental Media Co.</subfield></datafield><datafield ind1=" " ind2=" " tag="300"><subfield code="a">v. :</subfield><subfield code="b">ill. ;</subfield><subfield code="c">57 cm.</subfield></datafield><datafield ind1=" " ind2=" " tag="310"><subfield code="a">Biweekly</subfield></datafield><datafield ind1=" " ind2=" " tag="546"><subfield code="a">Text in Chinese.</subfield></datafield><datafield ind1=" " ind2=" " tag="588"><subfield code="a">Description based on: No. 121 (Apr. 12, 1984).</subfield></datafield><datafield ind1=" " ind2="0" tag="650"><subfield code="a">Chinese newspapers</subfield><subfield code="z">Maryland.</subfield></datafield><datafield ind1=" " ind2="0" tag="651"><subfield code="a">Silver Spring (Md.)</subfield><subfield code="v">Newspapers.</subfield></datafield><datafield ind1=" " ind2="7" tag="650"><subfield code="a">Chinese newspapers.</subfield><subfield code="2">fast</subfield><subfield code="0">(OCoLC)fst00857651</subfield></datafield><datafield ind1=" " ind2="7" tag="651"><subfield code="a">Maryland.</subfield><subfield code="2">fast</subfield><subfield code="0">(OCoLC)fst01204739</subfield></datafield><datafield ind1=" " ind2="7" tag="651"><subfield code="a">Maryland</subfield><subfield code="z">Silver Spring.</subfield><subfield code="2">fast</subfield><subfield code="0">(OCoLC)fst01207317</subfield></datafield><datafield ind1=" " ind2="7" tag="655"><subfield code="a">Newspapers.</subfield><subfield code="2">fast</subfield><subfield code="0">(OCoLC)fst01423814</subfield></datafield><datafield ind1=" " ind2=" " tag="752"><subfield code="a">United States</subfield><subfield code="b">Maryland</subfield><subfield code="c">Montgomery</subfield><subfield code="d">Silver Spring.</subfield></datafield><datafield ind1="1" ind2=" " tag="029"><subfield code="a">AU@</subfield><subfield code="b">000015611462</subfield></datafield></record>